
@misc{09678f37a2afcca35133d9a7306744b4,
	title = {Floppy disk - Wikipedia, the free encyclopedia},
	url = {http://en.wikipedia.org/wiki/Floppy_disk#Design},
	urldate = {2012-11-06},
	howpublished = {{http://en.wikipedia.org/wiki/Floppy\_disk\#Design}},
	file = {Floppy disk - Wikipedia, the free encyclopedia:/Users/tonejito/Library/Application Support/Firefox/Profiles/7l0yeslm.default/zotero/storage/8U9EJZ6T/Floppy_disk.html:text/html}
},

@misc{9ed8ea83d928119817c8df8a7007fc16,
	url = {http://info.tonejito.info/},
	urldate = {2012-10-31},
	howpublished = {http://info.tonejito.info/},
	file = {:/Users/tonejito/Library/Application Support/Firefox/Profiles/7l0yeslm.default/zotero/storage/GTB2I4T3/info.tonejito.info.txt:text/plain}
},

@misc{314f38cbb73bf967a21191775959cf1d,
	title = {Why Build - Hardware Appliance Vendors},
	url = {http://www.vmware.com/appliances/getting-started/build/hardware_vendors.html},
	urldate = {2012-11-28},
	howpublished = {http://www.vmware.com/appliances/getting-started/build/hardware\_vendors.html},
	file = {Why Build - Hardware Appliance Vendors:/Users/tonejito/Library/Application Support/Firefox/Profiles/7l0yeslm.default/zotero/storage/P7VQN38H/hardware_vendors.html:text/html}
},

@misc{814807adb21095f4a7a804727f583e65,
	title = {Why Build - Hardware Appliance Vendors},
	url = {http://www.vmware.com/appliances/getting-started/build/hardware_vendors.html},
	urldate = {2012-11-28},
	howpublished = {http://www.vmware.com/appliances/getting-started/build/hardware\_vendors.html},
	file = {Why Build - Hardware Appliance Vendors:/Users/tonejito/Library/Application Support/Firefox/Profiles/7l0yeslm.default/zotero/storage/4TJUPJIS/hardware_vendors.html:text/html}
},

@article{d959419c08b28773304aa16ff21f5e8a,
	title = {Journal Article {{SWGC}} Title},
	volume = {1},
	number = {12},
	journal = {Journal of Sample Journals},
	author = {Last-name, First-name and Guy, Some},
	year = {2002},
	pages = {1000---1024}
},

@misc{8810bc4904cabf93eede72a03c171b7e,
	title = {{BytePile.com} - {RAID} Classifications},
	url = {http://www.bytepile.com/raid_class.php},
	urldate = {2012-11-28},
	howpublished = {http://www.bytepile.com/raid\_class.php},
	file = {BytePile.com - RAID Classifications:/Users/tonejito/Library/Application Support/Firefox/Profiles/7l0yeslm.default/zotero/storage/6WCW8S4E/raid_class.html:text/html}
},

@book{cebc8762e0862cbc95e92176cbbdc902,
	edition = {Second},
	title = {{\textbackslash}{LaTeX:} A Document Preparation System},
	isbn = {0-201-52983-1},
	publisher = {Addison-Wesley Publishing Company},
	author = {Lamport, Leslie},
	year = {1994}
},

@misc{b070586cfcbf792e69b99a778a018fd5,
	title = {The Software-{RAID} {HOWTO}},
	url = {http://tldp.org/HOWTO/Software-RAID-HOWTO.html},
	urldate = {2012-11-28},
	howpublished = {{http://tldp.org/HOWTO/Software-RAID-HOWTO.html}},
	file = {The Software-RAID HOWTO:/Users/tonejito/Library/Application Support/Firefox/Profiles/7l0yeslm.default/zotero/storage/ESNISBNP/Software-RAID-HOWTO.html:text/html}
},

@misc{9e2f3e1ba21ce971703a62c6217946ae,
	title = {{RAID} Levels - {RAID} 6 - {RAID} {LEVEL} 6: Independent Data Disks With Two Independent Parity Schemes},
	url = {http://www.acnc.com/raidedu/6},
	urldate = {2012-11-28},
	howpublished = {http://www.acnc.com/raidedu/6},
	file = {RAID Levels - RAID 6 - RAID LEVEL 6: Independent Data Disks With Two Independent Parity Schemes:/Users/tonejito/Library/Application Support/Firefox/Profiles/7l0yeslm.default/zotero/storage/BXTCTBDH/6.html:text/html}
},

@misc{9b286bf9442c2cf4d1e02ddf7322c92b,
	title = {{RAID} Levels - {RAID} 10 - {RAID} {LEVEL} 10: Very High Reliability Combined With High Performance},
	url = {http://www.acnc.com/raidedu/10},
	urldate = {2012-11-28},
	howpublished = {http://www.acnc.com/raidedu/10},
	file = {RAID Levels - RAID 10 - RAID LEVEL 10: Very High Reliability Combined With High Performance:/Users/tonejito/Library/Application Support/Firefox/Profiles/7l0yeslm.default/zotero/storage/8JJP5W3F/10.html:text/html}
},

@misc{0ff98c873331d31b70da5cd6bba8e404,
	title = {{SoftwareRAID} - Debian Wiki},
	url = {http://wiki.debian.org/SoftwareRAID},
	urldate = {2012-11-28},
	howpublished = {{http://wiki.debian.org/SoftwareRAID}},
	file = {SoftwareRAID - Debian Wiki:/Users/tonejito/Library/Application Support/Firefox/Profiles/7l0yeslm.default/zotero/storage/MCZZV8EP/SoftwareRAID.html:text/html}
},

@book{74e586f4d341588a0bcc6273c524d8f5,
	series = {No Starch Press Series},
	title = {Linux Appliance Design: A Hands-On Guide to Building Linux Applications},
	isbn = {9781593271404},
	lccn = {2006020778},
	url = {http://books.google.com.mx/books?id=uVu0ax6C3uIC},
	publisher = {No Starch Press},
	author = {Smith, B. and Hardin, J.},
	year = {2007}
},

@misc{20c7358045528f33804340fb6510b8b9,
	title = {tonejito {(Andres} Hernandez) · {GitHub}},
	url = {https://github.com/tonejito/},
	urldate = {2012-10-31},
	howpublished = {https://github.com/tonejito/},
	file = {tonejito (Andres Hernandez) · GitHub:/Users/tonejito/Library/Application Support/Firefox/Profiles/7l0yeslm.default/zotero/storage/T68ZAT53/tonejito.html:text/html}
},

@misc{0ea6c5943445ca5dfbf77299613cec3a,
	title = {Linux Raid - Linux Raid Wiki},
	url = {https://raid.wiki.kernel.org/index.php/Linux_Raid},
	urldate = {2012-11-28},
	howpublished = {{https://raid.wiki.kernel.org/index.php/Linux\_Raid}},
	file = {Linux Raid - Linux Raid Wiki:/Users/tonejito/Library/Application Support/Firefox/Profiles/7l0yeslm.default/zotero/storage/235MJIKJ/Linux_Raid.html:text/html}
},

@misc{9e7fa73b00ec68d495a71d68faa16fab,
	title = {{KLOTH.NET} - Card punch emulator},
	url = {http://www.kloth.net/services/cardpunch.php},
	urldate = {2012-10-11},
	howpublished = {http://www.kloth.net/services/cardpunch.php},
	file = {KLOTH.NET - Card punch emulator:/Users/tonejito/Library/Application Support/Firefox/Profiles/7l0yeslm.default/zotero/storage/5468NWP4/cardpunch.html:text/html}
},

@misc{4cb5bff4c029d86b328a2126e8a3060f,
	title = {Software Appliance Firewall {\textbar} Kerio},
	url = {http://www.kerio.com/control/software-appliance},
	urldate = {2012-11-28},
	howpublished = {http://www.kerio.com/control/software-appliance},
	file = {Software Appliance Firewall | Kerio:/Users/tonejito/Library/Application Support/Firefox/Profiles/7l0yeslm.default/zotero/storage/9QXVPSWR/software-appliance.html:text/html}
},

@misc{cae4e3f67ef5ee94447e020e55eb3927,
	title = {Old Technology - a set on Flickr},
	url = {http://www.flickr.com/photos/26148816@N04/sets/72157629176504647/},
	urldate = {2012-11-06},
	howpublished = {{http://www.flickr.com/photos/26148816@N04/sets/72157629176504647/}},
	file = {Old Technology - a set on Flickr:/Users/tonejito/Library/Application Support/Firefox/Profiles/7l0yeslm.default/zotero/storage/UVIPAV9K/72157629176504647.html:text/html}
},

@misc{0a250ce04fb10680f70cb2c3efd365b1,
	title = {{RAID} Levels - {RAID} 1 - {RAID} {LEVEL} 1: Mirroring \& Duplexing},
	url = {http://www.acnc.com/raidedu/1},
	urldate = {2012-11-28},
	howpublished = {http://www.acnc.com/raidedu/1},
	file = {RAID Levels - RAID 1 - RAID LEVEL 1: Mirroring & Duplexing:/Users/tonejito/Library/Application Support/Firefox/Profiles/7l0yeslm.default/zotero/storage/6JN9QBUH/1.html:text/html}
},

@misc{04667739f34ceed8672133b51ada8a35,
	title = {Anatomy of a 3.5" diskette},
	url = {http://upload.wikimedia.org/wikipedia/commons/f/fa/Floppy_disk_internal_diagram.svg},
	urldate = {2012-11-06},
	howpublished = {{http://upload.wikimedia.org/wikipedia/commons/f/fa/Floppy\_disk\_internal\_diagram.svg}},
	file = {Anatomy of a 3.5" diskette:/Users/tonejito/Library/Application Support/Firefox/Profiles/7l0yeslm.default/zotero/storage/Q6DKBI4R/Floppy_disk_internal_diagram.svg:image/svg+xml}
},

@misc{3e1f0dad689a7971f226a3ded845ae63,
	title = {Intro to Nested-{RAID:} {RAID-01} and {RAID-10} {\textbar} Linux Magazine},
	url = {http://www.linux-mag.com/id/7928/?hq_e=el&hq_m=1151565&hq_l=36&hq_v=3fa9646c7f},
	urldate = {2012-11-28},
	howpublished = {http://www.linux-mag.com/id/7928/?hq\_e=el\&hq\_m=1151565\&hq\_l=36\&hq\_v=3fa9646c7f},
	file = {Intro to Nested-RAID: RAID-01 and RAID-10 | Linux Magazine:/Users/tonejito/Library/Application Support/Firefox/Profiles/7l0yeslm.default/zotero/storage/GQ2XWEH9/7928.html:text/html}
},

@misc{c25758a252abee190734238f392996fd,
	title = {{IBM} Punch Cards},
	url = {http://www.columbia.edu/cu/computinghistory/cards.html},
	urldate = {2012-10-11},
	howpublished = {http://www.columbia.edu/cu/computinghistory/cards.html},
	file = {IBM Punch Cards:/Users/tonejito/Library/Application Support/Firefox/Profiles/7l0yeslm.default/zotero/storage/RTG9J6DX/cards.html:text/html}
},

@misc{18b4e676f432f4780a509b508056c779,
	title = {{RAID} Levels - {RAID} 0 - {RAID} {LEVEL} 0: Striped Disk Array Without Fault Tolerance},
	url = {http://www.acnc.com/raidedu/0},
	urldate = {2012-11-28},
	howpublished = {http://www.acnc.com/raidedu/0},
	file = {RAID Levels - RAID 0 - RAID LEVEL 0: Striped Disk Array Without Fault Tolerance:/Users/tonejito/Library/Application Support/Firefox/Profiles/7l0yeslm.default/zotero/storage/FA5EV5F9/0.html:text/html}
},

@misc{823e4a8551f18d37794d3115226700ba,
	title = {Tonejito},
	url = {http://tonejito.blogspot.mx/},
	urldate = {2012-10-31},
	howpublished = {http://tonejito.blogspot.mx/},
	file = {Tonejito:/Users/tonejito/Library/Application Support/Firefox/Profiles/7l0yeslm.default/zotero/storage/RP6KC6AS/tonejito.blogspot.mx.html:text/html}
},

@misc{dcd32ad713054f2f67fbcd17c0900928,
	title = {{UTM} Firewall, {VPN}, Antivirus Throughput, Ethernet Ports and Storage},
	url = {http://www.sophos.com/en-us/products/unified/utm/technical-details.aspx},
	urldate = {2012-11-28},
	howpublished = {http://www.sophos.com/en-us/products/unified/utm/technical-details.aspx},
	file = {UTM Firewall, VPN, Antivirus Throughput, Ethernet Ports and Storage:/Users/tonejito/Library/Application Support/Firefox/Profiles/7l0yeslm.default/zotero/storage/VTTM9QVH/technical-details.html:text/html}
},

@misc{3638d46cd02c0cd72e333c6d6f8f9608,
	title = {{RAID} Levels - {RAID} 0+1 - {RAID} {LEVEL} 0+1: High Data Transfer Performance},
	url = {http://www.acnc.com/raidedu/0_1},
	urldate = {2012-11-28},
	howpublished = {http://www.acnc.com/raidedu/0\_1},
	file = {RAID Levels - RAID 0+1 - RAID LEVEL 0+1: High Data Transfer Performance:/Users/tonejito/Library/Application Support/Firefox/Profiles/7l0yeslm.default/zotero/storage/H3VDTJ44/0_1.html:text/html}
},

@misc{8e51baae3079f81349fffeb7751990f4,
	title = {Synology Network Attached Storage - {RAID} Calculator},
	url = {http://www.synology.com/support/RAID_calculator.php?lang=us},
	urldate = {2012-11-28},
	howpublished = {{http://www.synology.com/support/RAID\_calculator.php?lang=us}},
	file = {Synology Network Attached Storage - RAID Calculator:/Users/tonejito/Library/Application Support/Firefox/Profiles/7l0yeslm.default/zotero/storage/R2P2VRE2/RAID_calculator.html:text/html}
},

@inproceedings{18524da0c8ef0ce06b9037070919cefe,
	title = {Conference Paper {{MUN}} Title},
	doi = {put a real doi here, if you want.},
	booktitle = {Proceedings of the Conference of Sample Conferences},
	author = {{LastName}, {FirstName} and {LastName}, {FirstName} I. and {{LastName} Jr.}, {F.N.}},
	month = apr,
	year = {1996},
	pages = {100---110}
},

@misc{b306cc575a86d1e84e6ba100dcfb4417,
	title = {{PowerVault} {DAT} Tape Media Details},
	url = {http://www.dell.com/us/enterprise/p/dell-dat-media/pd},
	urldate = {2012-10-31},
	howpublished = {http://www.dell.com/us/enterprise/p/dell-dat-media/pd},
	file = {PowerVault DAT Tape Media Details | Dell:/Users/tonejito/Library/Application Support/Firefox/Profiles/7l0yeslm.default/zotero/storage/HXKZXPHW/pd.html:text/html}
},

@misc{d83e6f346506b44510957a2fa00fff13,
	title = {Andres Hernandez {(Tonejito)} on Twitter},
	url = {https://twitter.com/tonejito},
	urldate = {2012-10-31},
	howpublished = {https://twitter.com/tonejito},
	file = {Andres Hernandez (Tonejito) on Twitter:/Users/tonejito/Library/Application Support/Firefox/Profiles/7l0yeslm.default/zotero/storage/RBADHNGX/tonejito.html:text/html}
},

@misc{9397b15f6a384de60446b869f05412af,
	title = {{RAID} Levels - {RAID} 5 - {RAID} {LEVEL} 5: Independent Data Disks With Distributed Parity Blocks},
	url = {http://www.acnc.com/raidedu/5},
	urldate = {2012-11-28},
	howpublished = {http://www.acnc.com/raidedu/5},
	file = {RAID Levels - RAID 5 - RAID LEVEL 5: Independent Data Disks With Distributed Parity Blocks:/Users/tonejito/Library/Application Support/Firefox/Profiles/7l0yeslm.default/zotero/storage/A8NTDTBK/5.html:text/html}
},

@misc{4424e1db63a03a7fffa282c9b6ccb707,
	title = {Tonejito},
	url = {http://tumblr.tonejito.info/},
	urldate = {2012-10-31},
	howpublished = {http://tumblr.tonejito.info/},
	file = {Tonejito:/Users/tonejito/Library/Application Support/Firefox/Profiles/7l0yeslm.default/zotero/storage/FH669S39/tumblr.tonejito.info.html:text/html}
},

@misc{0ccb4138da7434b15227267b5ff195b8,
	title = {Network Backup {\textbar} {vmOneStep} Appliances {\textbar} Arkeia},
	url = {http://www.arkeia.com/en/products/vmonestep-appliances},
	urldate = {2012-11-28},
	howpublished = {http://www.arkeia.com/en/products/vmonestep-appliances},
	file = {Network Backup | vmOneStep Appliances | Arkeia:/Users/tonejito/Library/Application Support/Firefox/Profiles/7l0yeslm.default/zotero/storage/9T8B2QWP/vmonestep-appliances.html:text/html}
}